@INPROCEEdings{
	MF08,
	author = {Shopf, Jeremy and Barczak, Joshua and Oat, Christopher and Tatarchuk, Natalya},
	title = {March of the Froblins: Simulation and Rendering Massive Crowds of Intelligent and Detailed Creatures on GPU},
	booktitle = {ACM SIGGRAPH 2008 Games},
	series = {SIGGRAPH '08},
	year = {2008},
	location = {Los Angeles, California},
	pages = {52--101},
	numpages = {50},
	howpublished = "\url{http://doi.acm.org/10.1145/1404435.1404439}",
	doi = {10.1145/1404435.1404439},
	acmid = {1404439},
	publisher = {ACM},
	address = {New York, NY, USA}
}

@article{
	CC06,
	author = {Treuille, Adrien and Cooper, Seth and Popovi\'{c}, Zoran},
	title = {Continuum Crowds},
	journal = {ACM Trans. Graph.},
	issue_date = {July 2006},
	volume = {25},
	number = {3},
	month = jul,
	year = {2006},
	issn = {0730-0301},
	pages = {1160--1168},
	numpages = {9},
	howpublished = "\url{http://doi.acm.org/10.1145/1141911.1142008}",
	doi = {10.1145/1141911.1142008},
	acmid = {1142008},
	publisher = {ACM},
	address = {New York, NY, USA},
	keywords = {crowds, human simulation, motion planning},
}

@inproceedings{
	HPP-MCSgpu11,
	added-at = {2011-11-07T00:00:00.000+0100},
	author = {Demeulemeester, Aljosha and Hollemeersch, Charles-Frederik
	and Mees, Pieter and Pieters, Bart and Lambert, Peter and de
	Walle, Rik Van},
	biburl =
	{http://www.bibsonomy.org/bibtex/27cf181bc90e0b105c54b274d594792b2/dblp},
	booktitle = {MIG},
	crossref = {conf/mig/2011},
	editor = {Allbeck, Jan M. and Faloutsos, Petros},
	ee = {http://dx.doi.org/10.1007/978-3-642-25090-3_26},
	interhash = {eb8f14ecce935a8c92c7b317fa073c51},
	intrahash = {7cf181bc90e0b105c54b274d594792b2},
	isbn = {978-3-642-25089-7},
	keywords = {dblp},
	pages = {304--315},
	publisher = {Springer},
	series = {Lecture Notes in Computer
	Science},
	timestamp =
	{2011-11-07T00:00:00.000+0100},
	title = {Hybrid Path Planning for
	Massive Crowd Simulation on the
	GPU.},
	howpublished = "\url{http://dblp.uni-trier.de/db/conf/mig/mig2011.html#DemeulemeesterHMPLW11}",
	volume = 7060,
	year = 2011
}

@inproceedings{
	framerate06,
	title={The effects of frame rate and resolution on users playing First Person Shooter games},
	author={Claypool, Mark and Claypool, Kajal and Damaa, Feissal},
	booktitle={Electronic Imaging 2006},
	year={2006},
	organization={International Society for Optics and Photonics}
}

@misc{
	steamSurvey,
	title={Steam hardware survey},
	author={{Valve Corporation}},
	year={2017},
	month=mar,
	note = {[Online 2017-04-13]},
	url={http://store.steampowered.com/hwsurvey}
}

@inproceedings{
	torres2012,
	title={Sistema de visi{\'o}n global para f{\'u}tbol de robots},
	author={Torres, Guillermo and Balladini, Javier and Castillo, Rodolfo del},
	isbn = {978-950-766-082-5},
	pages={349--352},
	booktitle={XIV Workshop de Investigadores en Ciencias de la Computaci{\'o}n},
	year={2012}
}

@thesis{
	torres2014,
	title={Un sistema de visi{\'o}n global para f{\'u}tbol de robots f{\'i}sicos},
	author={Torres, Guillermo},
	year={2014},
	note={Tesis de licenciatura, Universidad Nacional Del Comahue}
}

@misc{
	sslrules2014,
	title = {Laws of the {RoboCup} Small Size League 2014},
	howpublished = "\url{http://robocupssl.cpe.ku.ac.th/_media/rules:ssl-rules-2014.pdf}",
	author = {{Small Size League Technical Committee}},
	month = mar,
	note = {[Online 2016-03-10]},
	year = {2014}
}

@misc{
	sslrules2015,
	title = {Laws of the {RoboCup} Small Size League 2015},
	howpublished = "\url{http://robocupssl.cpe.ku.ac.th/_media/rules:ssl-rules-2015.pdf}",
	author = {{Small Size League Technical Committee}},
	month = mar,
	note = {[Online 2016-03-10]},
	year = {2015}
}


@incollection{
	sslvision,
	title={SSL-vision: The shared vision system for the RoboCup Small Size League},
	author={Zickler, Stefan and Laue, Tim and Birbach, Oliver and Wongphati, Mahisorn and Veloso, Manuela},
	booktitle={RoboCup 2009: Robot Soccer World Cup XIII},
	pages={425--436},
	year={2010},
	publisher={Springer}
}

@article{
	cvLinda2001,
	title={Computer vision. 2001},
	author={Shapiro, Linda and Stockman, George C},
	journal={ed: Prentice Hall},
	year={2001}
}

@book{
	digitalImageProcessing3ed,
	author = {Gonzalez, Rafael C. and Woods, Richard E.},
	title = {Digital Image Processing (2rd Edition)},
	year = {2006},
	isbn = {013168728X},
	publisher = {Prentice-Hall, Inc.},
	address = {Upper Saddle River, NJ, USA}
}

@book{
	digitalImageProcessing2ed,
	author = {Gonzalez, Rafael C. and Woods, Richard E.},
	title = {Digital Image Processing},
	year = {2001},
	isbn = {0201180758},
	edition = {2nd},
	publisher = {Addison-Wesley Longman Publishing Co., Inc.},
	address = {Boston, MA, USA},
}

@misc{
	wikiCV,
	author = {Wikipedia},
	title = {Computer vision},
	year = {2016},
	howpublished = "\url{https://en.wikipedia.org/w/index.php?title=Computer_vision\&oldid=706448472}",
	note = {[Online 2016-02-29]}
}

@misc{
	ompWeb,
	author = {{OpenMP ARB}},
	title = {OpenMP.org} ,
	year = {2016},
	howpublished = "\url{Openmp.org}",
	note = {[Online 2016-03-10]}
}

@article{
	robocup10y,
	author = {Visser, Ubbo and Burkhard, Hans-Dieter},
	title = {RoboCup: 10 Years of Achievements and Future Challenges},
	journal = {AI Magazine},
	volume = {28},
	number = {2},
	year = {2007},
}

@misc{
	robocupHist,
	author = {RoboCup},
	title = {A Brief History of RoboCup},
	year = {2016},
	howpublished = "\url{https://www.robocup.org/about-robocup/a-brief-history-of-robocup/}",
	note = {[Online 2016-06-29]}
}

@misc{
	buildingCheapAER,
	author = {Gonzalo Tejera and Alexander Sklar and Santiago Margni},
	title = {Building cheap autonomous educational robots using obsolete technology},
	year = {2006}
}

@inproceedings{
	conway1963,
	author = {Conway, Melvin E.},
	title = {A Multiprocessor System Design},
	booktitle = {Proceedings of the November 12-14, 1963, Fall Joint Computer Conference},
	series = {AFIPS '63 (Fall)},
	year = {1963},
	location = {Las Vegas, Nevada},
	pages = {139--146},
	numpages = {8},
	url = {http://doi.acm.org/10.1145/1463822.1463838},
	doi = {10.1145/1463822.1463838},
	download = {https://dl.acm.org/citation.cfm?id=1463838},
	acmid = {1463838},
	publisher = {ACM},
	address = {New York, NY, USA},
}

@misc{
	openmp08,
	author = {{OpenMP Architecture Review Board}},
	title = {{OpenMP} Application Program Interface Version 3.0},
	month = may,
	year = 2008,
	url = {http://www.openmp.org/mp-documents/spec30.pdf}
}

@misc{
	RedUNCI2015,
	title = {Documento de recomendaciones curriculares de la RedUNCI. 2014 - 2015},
	howpublished = "\url{http://redunci.info.unlp.edu.ar/docs/Documento%20Curricular%20RedUNCI%20Abril%202015.pdf}",
	author = {RedUNCI},
	month = apr,
	note = {[Online 2016-03-30]},
	year = {2015}
}

@article{e2eLearning4SDC,
	author = {Mariusz Bojarski and
		Davide Del Testa and
		Daniel Dworakowski and
		Bernhard Firner and
		Beat Flepp and
		Prasoon Goyal and
		Lawrence D. Jackel and
		Mathew Monfort and
		Urs Muller and
		Jiakai Zhang and
		Xin Zhang and
		Jake Zhao and
		Karol Zieba},
	title = {End to End Learning for Self-Driving Cars},
	journal = {CoRR},
	volume = {abs/1604.07316},
	year = {2016},
	url = {http://arxiv.org/abs/1604.07316},
	timestamp = {Mon, 02 May 2016 18:22:52 +0200},
	biburl    = {http://dblp.uni-trier.de/rec/bib/journals/corr/BojarskiTDFFGJM16},
	bibsource = {dblp computer science bibliography, http://dblp.org}
}

@inproceedings{
	GPUforMLA,
	author = {Patrice Y. Simard and Dave Steinkrau and Ian Buck},
	title = {Using GPUs for Machine Learning Algorithms},
	journal = {2013 12th International Conference on Document Analysis and Recognition},
	volume = {00},
	number = {},
	issn = {1520-5263},
	year = {2005},
	pages = {1115--1119},
	doi = {doi.ieeecomputersociety.org/10.1109/ICDAR.2005.251},
	publisher = {IEEE Computer Society},
	address = {Los Alamitos, CA, USA},
}

@inproceedings{
	pipelinebasedCaffe2017,
	title={Pipeline-based processing of the deep learning framework caffe},
	author={Ayae Ichinose and Atsuko Takefusa and Hidemoto Nakada and Masato Oguchi},
	booktitle={IMCOM},
	year={2017}
}

@misc{
	robotics2017nao,
	title={Nao humanoid robot},
	author={{SoftBank Robotics}},
	url={www.ald.softbankrobotics.com/en/robots/nao},
	month=aug,
	year={2017},
	note = {[Online 2018-03-12]},
}
@article{
	usingCCN4IR2015,
	title={Using convolutional neural networks for image recognition},
	author={Hijazi, Samer and Kumar, Rishi and Rowen, Chris},
	journal={Cadence Design Systems Inc.: San Jose, CA, USA},
	year={2015}
}

@book{
	anIntroToPP2011,
	author = {Pacheco, Peter},
	title = {An Introduction to Parallel Programming},
	year = {2011},
	isbn = {9780123742605},
	edition = {1st},
	publisher = {Morgan Kaufmann Publishers Inc.},
	address = {San Francisco, CA, USA},
}

@book{
	introToPC2002,
	author = {Kumar, Vipin and Grama, Ananth and Karypis, George and Gupta,
		Anshul},
	title = {Introduction to Parallel Computing},
	year = {2002},
	isbn = {0201648652},
	edition = {2nd},
	publisher = {Addison-Wesley Longman Publishing Co., Inc.},
	address = {Boston, MA, USA},
}

@article{
	flynnstaxonomy1972,
	author = {Flynn, Michael J.},
	title = {Some Computer Organizations and Their Effectiveness},
	journal = {IEEE Trans. Comput.},
	issue_date = {September 1972},
	volume = {21},
	number = {9},
	month = sep,
	year = {1972},
	issn = {0018-9340},
	pages = {948--960},
	numpages = {13},
	url = {http://dx.doi.org/10.1109/TC.1972.5009071},
	doi = {10.1109/TC.1972.5009071},
	acmid = {1952459},
	publisher = {IEEE Computer Society},
	address = {Washington, DC, USA},
	keywords = {Computer organization, computer organization, instruction
		stream, overlapped, parallel processors, resource hierarchy},
}

@article{
	spaceShuttlePCS1984,
	author = {Spector, Alfred and Gifford, David},
	title = {The Space Shuttle Primary Computer System},
	journal = {Commun. ACM},
	issue_date = {Sept. 1984},
	volume = {27},
	number = {9},
	month = sep,
	year = {1984},
	issn = {0001-0782},
	pages = {872--900},
	numpages = {29},
	url = {http://doi.acm.org/10.1145/358234.358246},
	doi = {10.1145/358234.358246},
	acmid = {358246},
	publisher = {ACM},
	address = {New York, NY, USA},
	keywords = {PASS, avionics system, space shuttle},
}

@Article{
	plantIdentificacionUCVT2018,
	author="W{\"a}ldchen, Jana and M{\"a}der, Patrick",
	title="Plant Species Identification Using Computer Vision Techniques: A Systematic Literature Review",
	journal="Archives of Computational Methods in Engineering",
	year="2018",
	month="Apr",
	day="01",
	volume="25",
	number="2",
	pages="507--543",
	issn="1886-1784",
	doi="10.1007/s11831-016-9206-z",
	url="https://doi.org/10.1007/s11831-016-9206-z"
}
@inproceedings{
	anurosEmImagm2016,
	title={Estudo e implementa{\c{c}}{\~a}o de t{\'e}cnicas para
		identifica{\c{c}}{\~a}o de anuros em imagem},
	author={Queiroz, Ang{\'e}lica Larissa M and Silva, C{\'e}sar Alberto da
		and Jubileu, Andrea Padovan and Ruiz, Linnyer Beatrys},
	booktitle={XXII Congreso Argentino de Ciencias de la Computaci{\'o}n
		(CACIC 2016).},
	year={2016}
}

@article{
	twoYearsMarsRovers2007,
	title={Two years of visual odometry on the mars exploration rovers},
	author={Maimone, Mark and Cheng, Yang and Matthies, Larry},
	journal={Journal of Field Robotics},
	volume={24},
	number={3},
	pages={169--186},
	year={2007},
	publisher={Wiley Online Library}
}

@article{
	virtualMakeup2015,
	title={Virtual Makeup Application Using Image Processing Methods},
	author={Oztel, Gozde Yolcu and Kazan, Serap},
	journal={no},
	volume={5},
	pages={401--404},
	year={2015}
}

@article{
	summerVisionProject1966,
	title={The summer vision project},
	author={Papert, Seymour A},
	year={1966}
}
